<?xml version="1.0" encoding="UTF-8"?><record xmlns="http://www.loc.gov/MARC21/slim" xmlns:cinclude="http://apache.org/cocoon/include/1.0" xmlns:zs="http://www.loc.gov/zing/srw/">
  <leader>00383nz  a2200121n  4500</leader>
  <controlfield tag="001">no 94004256 </controlfield>
  <controlfield tag="003">DLC</controlfield>
  <controlfield tag="005">19940217053729.2</controlfield>
  <controlfield tag="008">940207n| acannaab|          |n aaa     c</controlfield>
  <datafield tag="010" ind1=" " ind2=" ">
    <subfield code="a">no 94004256 </subfield>
  </datafield>
  <datafield tag="040" ind1=" " ind2=" ">
    <subfield code="a">O</subfield>
    <subfield code="c">O</subfield>
  </datafield>
  <datafield tag="100" ind1="1" ind2="0">
    <subfield code="a">Lehman, Timothy S.,</subfield>
    <subfield code="d">1970-</subfield>
  </datafield>
  <datafield tag="670" ind1=" " ind2=" ">
    <subfield code="a">The Polit. econ. of dredging the OH state park lakes, 1993:</subfield>
    <subfield code="b">t.p. (Timothy S. Lehman) p. iii (Oct. 30, 1970 b. Syracuse, NY)</subfield>
  </datafield>
</record>